# https://www.bibme.org/apa

 @misc{gcpd,
  howpublished = {\url{https://learn.microsoft.com/en-us/windows/win32/api/processthreadsapi/nf-processthreadsapi-getprocessid}},
  url          = {https://learn.microsoft.com/en-us/windows/win32/api/processthreadsapi/nf-processthreadsapi-getprocessid},
  title        = {GetProcessId function (processthreadsapi.h)},
  publisher    = {Microsoft},
  author       = {Microsoft},
} 

 @misc{cts,
  howpublished = {\url{https://learn.microsoft.com/en-gb/windows/win32/api/tlhelp32/nf-tlhelp32-createtoolhelp32snapshot}},
  url          = {https://learn.microsoft.com/en-gb/windows/win32/api/tlhelp32/nf-tlhelp32-createtoolhelp32snapshot},
  title        = {CreateToolhelp32Snapshot function (tlhelp32.h)},
  publisher    = {Microsoft},
  author       = {Microsoft},
} 

 @misc{pn,
  howpublished = {\url{https://learn.microsoft.com/en-us/windows/win32/api/tlhelp32/nf-tlhelp32-process32next}},
  url          = {https://learn.microsoft.com/en-us/windows/win32/api/tlhelp32/nf-tlhelp32-process32next},
  title        = {Process32Next function (tlhelp32.h)},
  publisher    = {Microsoft},
  author       = {Microsoft},
} 

 @misc{access,
  howpublished = {\url{https://learn.microsoft.com/en-us/windows/win32/procthread/process-security-and-access-rights}},
  url          = {https://learn.microsoft.com/en-us/windows/win32/procthread/process-security-and-access-rights},
  title        = {Process Security and Access Rights},
  publisher    = {Microsoft},
  author       = {Microsoft},
} 

